<?xml version="1.0" encoding="UTF-8"?><collection xmlns="http://www.loc.gov/MARC21/slim"><record><leader>00372nam--2200121-i-4500</leader><controlfield tag="001">000040660</controlfield><controlfield tag="002">20161230</controlfield><controlfield tag="005">20161230201042</controlfield><controlfield tag="008">060222s1000------------r-----000-0-eng-d</controlfield><datafield ind1=" " ind2=" " tag="080"><subfield code="a">727.5</subfield></datafield><datafield ind1=" " ind2=" " tag="100"><subfield code="a">Schramm,Werner</subfield></datafield><datafield ind1=" " ind2=" " tag="245"><subfield code="a">Physikalische und technologische laboratorien. planung. bau. einrichtung. mit 691. abbildungen</subfield></datafield><datafield ind1=" " ind2=" " tag="260"><subfield code="a">Darmstadt, Verlag Chemie, 1962. 312p.+ Fig</subfield></datafield></record></collection>